101 026009593 02600959323011300000094101Bank Of America        Bank Of America                
5200Bob's Manufactur                    881234567 CCDPAYMENT         230120   1026009590000001
6270260095931234             0000881644               Bob's Manufacturing     0026009590000001
62202600959311               0000560075               Metal Makers LLC        0026009590000002
62202600959321               0000321569               CNC Today Corp          0026009590000003
82000000030007802877000000881644000000881644881234567                          026009590000001
9000001000001000000030007802877000000881644000000881644                                       
9999999999999999999999999999999999999999999999999999999999999999999999999999999999999999999999
9999999999999999999999999999999999999999999999999999999999999999999999999999999999999999999999
9999999999999999999999999999999999999999999999999999999999999999999999999999999999999999999999